<?xml version="1.0" encoding="UTF-8"?><collection xmlns="http://www.loc.gov/MARC21/slim"><record><leader>00419nam--2200133-i-4500</leader><controlfield tag="001">000029575</controlfield><controlfield tag="002">20161230</controlfield><controlfield tag="005">20161230201037</controlfield><controlfield tag="008">060222s1000------------r-----000-0-eng-d</controlfield><datafield ind1=" " ind2=" " tag="080"><subfield code="a">615.1</subfield></datafield><datafield ind1=" " ind2=" " tag="100"><subfield code="a">Ladenburger,  Otto</subfield></datafield><datafield ind1=" " ind2=" " tag="245"><subfield code="a">Die lipolytische aktivitat im plasma nach subcutaner und intravenoser injektion von hohen dosen heparin</subfield></datafield><datafield ind1=" " ind2=" " tag="260"><subfield code="a">Munchen, Poliklinik Der Universitat Munchen, 1972. 54p</subfield></datafield><datafield ind1=" " ind2=" " tag="852"><subfield code="a">39033</subfield></datafield></record></collection>